<?xml version="1.0" encoding="UTF-8"?><collection xmlns="http://www.loc.gov/MARC21/slim"><record><leader>00557nam--2200181-i-4500</leader><controlfield tag="001">000001149</controlfield><controlfield tag="002">20161230</controlfield><controlfield tag="005">20170128190729</controlfield><controlfield tag="008">060222s1000------------r-----000-0-fre-d</controlfield><datafield ind1=" " ind2=" " tag="040"><subfield code="a">IFIN-HH</subfield></datafield><datafield ind1=" " ind2=" " tag="041"><subfield code="a">fre</subfield></datafield><datafield ind1=" " ind2=" " tag="080"><subfield code="a">539.171.11</subfield></datafield><datafield ind1="1" ind2=" " tag="100"><subfield code="a">Gondrand, Jean-Claude</subfield></datafield><datafield ind1="1" ind2="0" tag="245"><subfield code="a">Contribution a l'etude de l'interation nucleon -nucleon au moyen de la reaction a nucleons d (n,nnp) a 14 mev</subfield><subfield code="b">These</subfield><subfield code="c">Jean-Claude Gondrand</subfield></datafield><datafield ind1=" " ind2=" " tag="260"><subfield code="a">Grenoble</subfield><subfield code="b">Universite De Grenoble</subfield><subfield code="c">1970</subfield></datafield><datafield ind1=" " ind2=" " tag="300"><subfield code="a">93 p</subfield></datafield><datafield ind1=" " ind2=" " tag="852"><subfield code="a">35413</subfield><subfield code="c">539.17</subfield></datafield><datafield ind1=" " ind2=" " tag="CAT"><subfield code="a">SYS</subfield><subfield code="c">20170128</subfield><subfield code="h">190729</subfield></datafield></record></collection>